@Article{Helle2009,
	author={Helle, Knut},
	title={Den primitivistiske vendingen i norsk historisk middelalderforskning},
	year={2009},
	volume={88},
	number={04},
	pages={572-609 E},
	keywords={Historiography {\textperiodcentered} Knut Helle {\textperiodcentered} Middle Ages {\textperiodcentered} Norway {\textperiodcentered} Viking Age},
	issn={0018-263X},
	url={http://www.idunn.no/ht/2009/04/art09}
}

@misc{FSPL,
	author={Wikipedia},
	title={Free-space path loss --- Wikipedia, The Free Encyclopedia},
	year={2017},
	note={Accessed 4th July, 2017},
	url={http://en.wikipedia.org/w/index.php?title=Free-space\%20path\%20loss&oldid=765763753},
}
@misc{Python3,
	author={Python Software Foundation},
	title={Python 3},
	year={2017},
	url={http://python.org},
	note={Online: accessed 05-July-2017}


}
@ONLINE{Wardriving,
	author = {Wikipedia},
	title = {Wardriving --- Wikipedia, The Free Encyclopedia},
	year = {2017},
	url = {http://en.wikipedia.org/w/index.php?title=Wardriving\&oldid=788183563},
	note = {Online; accessed 09-July-2017}
}
@ONLINE {wigle,
	author = "WiGLE",
	title  = "WiGLE: Wireless Network Mapping",
	month  = "jul",
	year   = "2017",
	url    = "https://wigle.net/"
}
@ONLINE{Haversine,
	author = {Wikipedia},
	title = {Haversine Formula --- Wikipedia, The Free Encyclopedia},
	year = {2017},
	url = {https://en.wikipedia.org/wiki/Haversine_formula},
	note = {Online; accessed 11-July-2017}
}
@ARTICLE{DCFanalysis, 
	author={G. Bianchi}, 
	journal={IEEE Journal on Selected Areas in Communications}, 
	title={Performance analysis of the IEEE 802.11 distributed coordination function}, 
	year={2000}, 
	volume={18}, 
	number={3}, 
	pages={535-547}, 
	keywords={IEEE standards;carrier sense multiple access;packet radio networks;standardisation;telecommunication standards;wireless LAN;CSMA/CA;DCF;IEEE 802.11 distributed coordination function;IEEE 802.11 protocol;MAC;analytical model;binary slotted exponential backoff;carrier sense multiple access;collision avoidance;ideal channel conditions;medium access control;packet transmission;performance analysis;standardization;terminals;threshold;throughput performance evaluation;wireless local area networks;Access protocols;Analytical models;Collision avoidance;Media Access Protocol;Multiaccess communication;Performance analysis;Physical layer;Throughput;Wireless LAN;Wireless application protocol}, 
	doi={10.1109/49.840210}, 
	ISSN={0733-8716}, 
	month={March},}
